@misc{openAiDocs,
    howpublished = {\url{https://platform.openai.com/docs/introduction}},
    author = {OpenAI},
    title = {Introduction - OpenAI Documentation},
    note = {Accessed: 2023-04-16}
}

@misc{danThread,
    howpublished = {\url{https://www.reddit.com/r/ChatGPT/comments/zlcyr9/dan_is_my_new_friend/}},
    author = {u/walkerspider},
    title = {DAN is my new friend},
    note = {Accessed: 2023-04-16}
}

@misc{khanmigo,
    howpublished = {\url{https://www.khanacademy.org/khan-labs}},
    author = {Khan Academy},
    title = {Khanmigo Education AI Guide},
    note = {Accessed: 2023-04-16}
}

@article{sdg,
    author = {Fritz et al.},
    title = {Citizen science and the United Nations sustainable development goals},
    journal = {Nature Sustainability},
    year = {2019},
}